@online{bib:CHEM20100Notes,
    title   = {{CHEM 20100 (Inorganic Chemistry I) Notes}},
    author  = {Steven Labalme},
    year    = {2022},
    url     = {https://github.com/shadypuck/CHEM20100Notes/blob/master/Notes/notes.pdf},
    urldate = {2022-10-28}
}